@article{chen1999linear,
  title={Linear System Theory and Design},
  author={Chen, Chi-Tsong},
  year={1999}
}
@book{kamien2012dynamic,
  title={Dynamic optimization: the calculus of variations and optimal control in economics and management},
  author={Kamien, Morton I and Schwartz, Nancy Lou},
  year={2012},
  publisher={courier corporation}
}
@misc{burden2011numerical,
  title={Numerical analysis},
  author={Burden, Richard L},
  year={2011},
  publisher={Boston, MA: Brooks/Cole, Cengage Learning}
}